@article{yasmin2018,
	author={Shamsunnahar Yasmin and Naveen Eluru},
	year={2018},
	month={Mar 16,},
	title={A joint econometric framework for modeling crash counts by severity},
	journal={Transportmetrica (Abingdon, Oxfordshire, UK)},
	volume={14},
	number={3},
	pages={230-255},
	url={http://www.tandfonline.com/doi/abs/10.1080/23249935.2017.1369469},
	doi={10.1080/23249935.2017.1369469}
}

@article{afghari2020,
	author={Amir Pooyan Afghari and Md Mazharul Haque and Simon Washington},
	year={2020},
	month={Sep},
	title={Applying a joint model of crash count and crash severity to identify road segments with high risk of fatal and serious injury crashes},
	journal={Accident analysis and prevention},
	volume={144},
	pages={105615},
	isbn={0001-4575},
	url={https://dx.doi.org/10.1016/j.aap.2020.105615},
	doi={10.1016/j.aap.2020.105615},
	pmid={32534289}
}

@article{DaCosta2015,
	author={Stephen Da Costa and Xiaobo Qu and Partha Mani Parajuli},
	year={2015},
	month={Jul 03,},
	title={A Crash Severity-Based Black Spot Identification Model},
	journal={Journal of transportation safety &amp; security},
	volume={7},
	number={3},
	pages={268-277},
	isbn={1943-9962},
	url={http://www.tandfonline.com/doi/abs/10.1080/19439962.2014.911230},
	doi={10.1080/19439962.2014.911230}
}

@article{Ghadi2020,
	author={Maen Qaseem Ghadi and Árpád Török},
	year={2020},
	month={Apr 06,},
	title={Evaluation of the Impact of Spatial and Environmental Accident Factors on Severity Patterns of Road Segments},
	journal={Periodica polytechnica. Transportation engineering},
	volume={49},
	number={2},
	pages={146-155},
	isbn={0303-7800},
	url={https://search.proquest.com/docview/2495233188},
	doi={10.3311/PPtr.14692}
}

@article{Stipancic2019,
	author={Joshua Stipancic and Luis Miranda-Moreno and Nicolas Saunier and Aurélie Labbe},
	year={2019},
	month={Apr},
	title={Network screening for large urban road networks: Using GPS data and surrogate measures to model crash frequency and severity},
	journal={Accident analysis and prevention},
	volume={125},
	pages={290-301},
	isbn={0001-4575},
	url={https://dx.doi.org/10.1016/j.aap.2019.02.016},
	doi={10.1016/j.aap.2019.02.016},
	pmid={30818096}
}

@article{Ma2016,
	author={Lu Ma and Xuedong Yan and Chong Wei and Jiangfeng Wang},
	year={2016},
	month={Sep},
	title={Modeling the equivalent property damage only crash rate for road segments using the hurdle regression framework},
	journal={Analytic methods in accident research},
	volume={11},
	pages={48-61},
	isbn={2213-6657},
	url={https://dx.doi.org/10.1016/j.amar.2016.07.001},
	doi={10.1016/j.amar.2016.07.001}
}

@inproceedings{Bhattacharjee2019,
	author={Sudip Bhattacharjee},
	year={September 2019},
	month={September 2019},
	title={Reliability-Based Prediction of Number of Crashes on Low-Volume Roads in Montana Using the Equivalent Property Damage-Only Crash Indicator},
	booktitle={12th International Conference on Low-Volume Roads},
	pages={474-478},
}

@article{Yuan2020,
	author={Quan Yuan and Xuecai Xu and Junwei Zhao and Qiang Zeng},
	year={2020},
	title={Investigation of injury severity in urban expressway crashes: A case study from Beijing},
	journal={PloS one},
	volume={15},
	number={1},
	pages={e0227869},
	isbn={1932-6203},
	url={https://www.ncbi.nlm.nih.gov/pubmed/31929601},
	doi={10.1371/journal.pone.0227869},
	pmid={31929601}
}

@article{Wang2011,
	author={Chao Wang and Mohammed A. Quddus and Stephen G. Ison},
	year={2011},
	month={Nov},
	title={Predicting accident frequency at their severity levels and its application in site ranking using a two-stage mixed multivariate model},
	journal={Accident analysis and prevention},
	volume={43},
	number={6},
	pages={1979-1990},
	isbn={0001-4575},
	url={http://dx.doi.org/10.1016/j.aap.2011.05.016},
	doi={10.1016/j.aap.2011.05.016},
	pmid={21819826}
}

@article{Lyon2007,
	author={Craig Lyon and Brent Gotts and Wai Kei Felix Wong and Bhagwant Persaud},
	year={2007},
	month={Jan},
	title={Comparison of Alternative Methods for Identifying Sites with High Proportion of Specific Accident Types},
	journal={Transportation research record},
	volume={2019},
	number={1},
	pages={212-218},
	isbn={0361-1981},
	doi={10.3141/2019-25}
}

@phdthesis{Seat2018,
	author={Conor Judd Seat},
	year={2018},
	month={January 6,},
	title={Crash Severity Distributions for Life-Cycle Benefit-Cost Analysis of Safety-Related Improvements on Utah Roadways},
	url={https://scholarsarchive.byu.edu/etd/6875}
}

@article{Li2020,
	author={Dawei Li and Mustafa F. M. Al-Mahamda},
	year={2020},
	month={Oct 28,},
	title={Collective Risk Ranking of Highway Segments on the Basis of Severity-Weighted Crash Rates},
	journal={Journal of advanced transportation},
	volume={2020},
	isbn={0197-6729},
	url={https://dx.doi.org/10.1155/2020/8837762},
	doi={10.1155/2020/8837762}
}

@article{Jianfeng2019,
	author={Xi Jianfeng and Guo Hongyu and Tian Jian and Lisa Liu and Liu Haizhu},
	year={2019},
	month={May},
	title={A classification and recognition model for the severity of road traffic accident},
	journal={Advances in mechanical engineering},
	volume={11},
	number={5},
	isbn={1687-8140},
	url={https://journals.sagepub.com/doi/full/10.1177/1687814019851893},
	doi={10.1177/1687814019851893}
}